% Encoding: UTF-8

@Article{Farnsworth3031,
  author  = {Farnsworth, H.},
  title   = {What-If Machine Analysis and Design},
  journal = {IEEE Transactions on quantum neuroscience electronics},
  year    = {3031},
}

@Book{Sonntag2016,
  title     = {Mis mejores recetas con repollo},
  publisher = {Anaconda},
  year      = {2016},
  author    = {Sonntag, N.},
}

@Article{Ramirez2018,
  author  = {Ramírez, K. Pérez, S. Z.},
  title   = {Self conscious robots in induction heating home appliances},
  journal = {IEEE transactions on anthropomorphic robots},
  year    = {2018},
}

@MastersThesis{TFG,
  author = {Apellidos, Alumno},
  title  = {Citar un TFG},
  school = {Universidad de Zaragoza},
  year   = {2014},
  type   = {Trabajo fin de grado},
}

@MastersThesis{TFM,
  author = {Apellidos, Alumno},
  title  = {Citar un TFM},
  school = {Universidad de Zaragoza},
  year   = {2014},
  type   = {Trabajo fin de máster},
}

@Comment{jabref-meta: databaseType:bibtex;}
