% Encoding: UTF-8

% TODO: cambiar campos con 'retreived' por castellano
% TODO: pin down tremor docs to specific version instead of `next`. Some links
% are broken as well. Blocked by:
%
% * https://github.com/tremor-rs/tremor-www/issues/186

@electronic{wayfairItems,
  title         = "Inside Wayfairâ€™s Identity Crisis",
  howpublished  = "Retrieved May 26, 2022",
  url           = "https://www.bostonmagazine.com/news/2019/10/01/inside-wayfair/",
  author        = "Sweeney, Chris",
  year          = "2019"
}

@electronic{rustsurvey,
  title         = "Rust Survey Results",
  howpublished  = "Retrieved April 1, 2022",
  url           = "https://blog.rust-lang.org/2022/02/15/Rust-Survey-2021.html#challenges-ahead",
  year          = "2021"
}

@book{baldwin2000design,
  title={Design rules: The power of modularity},
  author={Baldwin, Carliss Young and Clark, Kim B},
  volume={1},
  year={2000},
  publisher={MIT press}
}

@electronic{nginx,
  title         = "NGINX",
  howpublished  = "Retrieved April 1, 2022",
  url           = "https://www.influxdata.com/time-series-platform/telegraf/",
  year          = "2004"
}

@electronic{nginxPluginsAdvantages,
  title         = "Dynamic Modules Development",
  howpublished  = "Retrieved March 28, 2022",
  url           = "https://www.nginx.com/blog/dynamic-modules-development/#demand",
  year          = "2016"
}

@electronic{apachehttpserver,
  title         = "Apache HTTP Server",
  howpublished  = "Retrieved April 1, 2022",
  url           = "https://httpd.apache.org/",
  year          = "1995"
}

@electronic{apachePluginsAdvantages,
  title         = "Dynamic Shared Object (DSO) Support",
  howpublished  = "Retrieved March 28, 2022",
  url           = "https://httpd.apache.org/docs/2.4/dso.html#advantages",
  year          = "2021"
}

@electronic{logstash,
  title         = "Logstash",
  howpublished  = "Retrieved April 1, 2022",
  url           = "https://www.elastic.co/logstash/",
  year          = "2011"
}

@electronic{telegraf,
  title         = "Telegraf",
  howpublished  = "Retrieved April 1, 2022",
  url           = "https://www.influxdata.com/time-series-platform/telegraf/",
  year          = "2015"
}

@book{luckham2011event,
  title={Event processing for business: organizing the real-time enterprise},
  author={Luckham, David C},
  year={2011},
  publisher={John Wiley \& Sons}
}

@electronic{tremorrecipes,
  title         = "Tremor Recipes",
  howpublished  = "Retrieved March 28, 2022",
  url           = "https://www.tremor.rs/docs/0.11/recipes/README",
  year          = "2021"
}

@electronic{tremorconstraints,
  title         = "Tremor Constraints and Limitations",
  howpublished  = "Retrieved March 28, 2022",
  url           = "https://www.tremor.rs/docs/0.11/ConstraintsLimitations",
  year          = "2021"
}

@electronic{tremorintro,
  title         = "Tremor Getting Started",
  howpublished  = "Retrieved March 28, 2022",
  url           = "https://www.tremor.rs/docs/next/getting-started/",
  year          = "2021"
}

@electronic{tremoronramps,
  title         = "Tremor Onramps",
  howpublished  = "Retrieved May 27, 2022",
  url           = "https://www.tremor.rs/docs/0.11/artefacts/onramps",
  year          = "2021"
}

@electronic{tremorofframps,
  title         = "Tremor Offramps",
  howpublished  = "Retrieved May 27, 2022",
  url           = "https://www.tremor.rs/docs/0.11/artefacts/offramps",
  year          = "2021"
}

@electronic{tremorpipelines,
  title         = "Tremor Pipelines",
  howpublished  = "Retrieved May 27, 2022",
  url           = "https://www.tremor.rs/docs/next/language/#pipelines",
  year          = "2021"
}

@electronic{tremorlinkedtransports,
  title         = "Tremor Linked Transports",
  howpublished  = "Retrieved May 27, 2022",
  url           = "https://www.tremor.rs/docs/0.11/operations/linked-transports/",
  year          = "2021"
}

@electronic{tremorconnectors,
  title         = "Tremor Connectors",
  howpublished  = "Retrieved May 27, 2022",
  url           = "https://www.tremor.rs/docs/next/reference/connectors/",
  year          = "2021"
}

@inproceedings{robins2010complex,
  title={Complex event processing},
  author={Robins, D},
  booktitle={Second International Workshop on Education Technology and Computer Science. Wuhan},
  pages={1--10},
  year={2010},
  organization={Citeseer}
}

@article{cugola2012processing,
    author = {Cugola, Gianpaolo and Margara, Alessandro},
    title = {Processing Flows of Information: From Data Stream to Complex Event Processing},
    year = {2012},
    issue_date = {June 2012},
    publisher = {Association for Computing Machinery},
    address = {New York, NY, USA},
    volume = {44},
    number = {3},
    issn = {0360-0300},
    url = {https://doi.org/10.1145/2187671.2187677},
    doi = {10.1145/2187671.2187677},
    journal = {ACM Comput. Surv.},
    month = {jun},
    articleno = {15},
    numpages = {62},
    keywords = {stream processing, Complex event processing, publish-subscribe}
}

@article{dayarathna2018recent,
  title={Recent advancements in event processing},
  author={Dayarathna, Miyuru and Perera, Srinath},
  journal={ACM Computing Surveys (CSUR)},
  volume={51},
  number={2},
  pages={1--36},
  year={2018},
  publisher={ACM New York, NY, USA}
}

@inproceedings{tawsif2018review,
    author={Tawsif, K. and Hossen, J. and Raja, J. Emerson and Jesmeen, M. Z. H. and Arif, E. M. H.},
    booktitle={2018 Fourth International Conference on Information Retrieval and Knowledge Management (CAMP)},
    title={A Review on Complex Event Processing Systems for Big Data},
    year={2018},
    pages={1-6},
    doi={10.1109/INFRKM.2018.8464787}
}

@article{venkataraman2015evaluation,
  title={Evaluation of inter-process communication mechanisms},
  author={Venkataraman, Aditya and Jagadeesha, Kishore Kumar},
  journal={Architecture},
  volume={86},
  pages={64},
  year={2015}
}

@electronic{iesandbox,
  title         = "Competing components make for prickly panelists",
  howpublished  = "Retrieved May 28, 2022",
  author        = "Steinberg, Jill",
  url           = "https://www.infoworld.com/article/2077623/competing-components-make-for-prickly-panelists.html",
  year          = "1997"
}

@electronic{npm1,
  title         = "How to build an npm worm",
  howpublished  = "Retrieved May 28, 2022",
  author        = "Kyle, Jamie",
  url           = "https://jamie.build/how-to-build-an-npm-worm",
}

@electronic{npm2,
  title         = "Yet another malicious package found in npm, targeting cryptocurrency wallets",
  howpublished  = "Retrieved May 28, 2022",
  author        = "Maple, Simon",
  url           = "https://snyk.io/blog/yet-another-malicious-package-found-in-npm-targeting-cryptocurrency-wallets/",
  year          = "2019"
}

@electronic{swiftabi,
  title         = "How Swift Achieved Dynamic Linking Where Rust Couldn't",
  howpublished  = "Retrieved May 28, 2022",
  year          = "2019",
  author        = "Beingessner, Aria",
  url           = "https://gankra.github.io/blah/swift-abi/",
}

@electronic{luawhy,
  title         = "About Lua",
  howpublished  = "Retrieved May 28, 2022",
  url           = "https://www.lua.org/about.html#why",
}
